@article{Lizarraga2006,
  title={Security in embedded systems},
  author={Lizarraga, Jes{\'u}s and Uribeetxeberria, Roberto and Zurutuza, Urko and Fern{\'a}ndez, Miguel},
  journal={Computer Science Department, Mondragon University, Spain},
  year={2006},
  publisher={Citeseer}
}

@article{Lambert2017,
  title={An introduction to microcontrollers and embedded systems},
  author={Lambert, Tyler Ross},
  journal={Auburn University. July},
  volume={344},
  year={2017}
}

@book{Noviello2017,
  title={Mastering STM32: A Step-by-step Guide to the Most Complete ARM Cortex-M Platform, Using a Free and Powerful Development Environment Based on Eclipse and GCC},
  author={Noviello, Carmine},
  year={2016},
  publisher={Leanpub}
}

@manual{DS10329,
  author       = {{STMicroelectronics}},
  title        = {Capacitive digital sensor for relative humidity and temperature},
  url = {https://www.st.com/en/mems-and-sensors/hts221.html?rt=um&id=UM2743#documentation},
  version      = {5.1},
  year         = {2023}
}

@manual{UM2743,
  author       = {{STMicroelectronics}},
  title        = {UM2743Discovery kit for LTE Cat M/NBIoT with STM32L4 Series},
url = {https://www.st.com/en/evaluation-tools/b-l462e-cell1.html#documentation},
  version      = {1.0},
  year         = {2021}
}

@article{Rose2015,
  title={The internet of things: An overview},
  author={Rose, Karen and Eldridge, Scott and Chapin, Lyman},
  journal={The internet society (ISOC)},
  volume={80},
  number={15},
  pages={1--53},
  year={2015},
  publisher={Reston, VA}
}

@article{Vailshery2023,
  author       = {L. S. Vailshery},
  title        = {Number of IoT connected devices worldwide 2019-2023, with forecasts to 2030},
  journal      = {Statista},
  year         = {2023},
  url          = {https://www.statista.com/statistics/1183457/iot-connected-devices-worldwide/}
}

@article{Castillo2015,
  title={Projecting the growth and economic impact of the internet of things},
  author={Thierer, Adam and Castillo, Andrea},
  journal={George Mason University, Mercatus Center, June},
  volume={15},
  year={2015}
}

@misc{TutorialspointLTE,
  title        = {LTE Overview},
  author       = {Tutorialspoint},
  note         = {Accessed: February 29, 2024},
  url = {https://www.tutorialspoint.com/lte/lte_overview.htm}
}

@misc{ThalesgroupLTE,
  title        = {What is 4G LTE? Long Term Evolution Explained},
  author       = {Thalesgroup},
  note         = {Accessed: February 29, 2024},
  url = {https://www.thalesgroup.com/en/markets/digital-identity-and-security/technology/lte}
}

@misc{TelitLTE,
  title        = {What Is LTE, and How Is It Used in IoT?},
  author       = {Telit},
  note         = {Accessed: February 29, 2024},
  url = {https://www.telit.com/blog/what-is-lte-iot/}}
}

@misc{TelekomLTE,
  title        = {Einfach erklärt: LTE-M | Deutsche Telekom},
  author       = {Telekom},
  note         = {Accessed: February 29, 2024},
  url = {https://www.telekom.com/de/konzern/details/long-term-evolution-for-machines-563164}
}

@misc{TelenorLTE,
  title        = {LTE-M vs NB-IoT - a guide and in depth comparison},
  author       = {Telenor},
  note         = {Accessed: February 29, 2024},
  url = {https://iot.telenor.com/iot-insights/lte-m-vs-nb-iot-guide-differences/}
}

@online{Investopedia2023,
  author       = {{The Investopedia Team}},
  title        = {What is Cloud Computing? Pros and Cons of Different Types of Services},
  year         = {2023},
  note         = {Accessed: March 04, 2024},
  url = {https://www.investopedia.com/terms/c/cloud-computing.asp}
}

@online{GoogleCloud,
  author       = {{Google Cloud}},
  title        = {What is Cloud Computing?},
  note         = {Accessed: March 04, 2024},
  url = {https://cloud.google.com/learn/what-is-cloud-computing?hl=en}
}

@online{EMQTechnologies,
  author       = {{EMQ Technologies Inc.}},
  title        = {Understanding AWS IoT Core: Features, Use Cases, Quick Tutorial},
  year         = {2023},
  note         = {Accessed: March 04, 2024},
  url = {https://www.iotforall.com/understanding-aws-iot-core-features-use-cases-quick-tutorial}
}

@online{AWS,
  author       = {{Amazon Web Services}},
  title        = {AWS IoT Core},
  note         = {Accessed: March 04, 2024},
  url = {https://aws.amazon.com/de/iot-core/}
}

@inproceedings{Kraijak2015,
  title={A survey on internet of things architecture, protocols, possible applications, security, privacy, real-world implementation and future trends},
  author={Kraijak, Surapon and Tuwanut, Panwit},
  booktitle={2015 IEEE 16th International Conference on Communication Technology (ICCT)},
  pages={26--31},
  year={2015},
  organization={IEEE}
}

@inproceedings{Soni2017,
  title={A survey on mqtt: a protocol of internet of things (iot)},
  author={Soni, Dipa and Makwana, Ashwin},
  booktitle={International conference on telecommunication, power analysis and computing techniques (ICTPACT-2017)},
  volume={20},
  pages={173--177},
  year={2017}
}

@online{OPC,
  title        = {Was ist MQTT? Erklärung mit industriellem Fokus},
  author       = {OPC Router},
  note         = {Accessed: February 28, 2024},
  url = {https://www.opc-router.de/was-ist-mqtt/}}
}

@article{Fort2022,
  title={Performance Evaluation of an IoT Sensor Node for Health Monitoring of Artwork and Ancient Wooden Structures},
  author={Fort, Ada and Landi, Elia and Mugnaini, Marco and Parri, Lorenzo and Vignoli, Valerio},
  journal={Sensors},
  volume={22},
  number={24},
  pages={9794},
  year={2022},
  publisher={MDPI}
}

@inproceedings{Hinostroza2022,
  title={Wireless Sensor Network for Environmental Monitoring of Cultural Heritage.},
  author={Hinostroza, Adri{\'a}n and Tarrillo, Jimmy},
  booktitle={SENSORNETS},
  pages={171--175},
  year={2022}
}

@article{Noor2019,
  title={Current research on Internet of Things (IoT) security: A survey},
  author={Hassan, Wan Haslina and others},
  journal={Computer networks},
  volume={148},
  pages={283--294},
  year={2019},
  publisher={Elsevier}
}

@inproceedings{Ramesh2017,
  title={Remote temperature monitoring and control using IoT},
  author={Ramesh, V and Sankaramahalingam, M and Bharathy, MS Divya and Aksha, R4},
  booktitle={2017 International Conference on Computing Methodologies and Communication (ICCMC)},
  pages={1059--1063},
  year={2017},
  organization={IEEE}
}

@article{Subahi2020,
  title={An intelligent IoT-based system design for controlling and monitoring greenhouse temperature},
  author={Subahi, Ahmad F and Bouazza, Kheir Eddine},
  journal={IEEE Access},
  volume={8},
  pages={125488--125500},
  year={2020},
  publisher={IEEE}
}

@article{Rahman2020,
  author       = {R. Ab Rahman and U. R. Hashim and S. Ahmad},
  title        = {IoT based temperature and humidity monitoring framework},
  journal      = {Bulletin of Electrical Engineering and Informatics},
  volume       = {9},
  number       = {1},
  pages        = {229-237},
  year         = {2020},
  doi          = {10.11591/eei.v9i1.1557}
}

@article{Rahman2020,
  title={IoT based temperature and humidity monitoring framework},
  author={Ab Rahman, Rafizah and Hashim, Ummi Raba'ah and Ahmad, Sabrina},
  journal={Bulletin of Electrical Engineering and Informatics},
  volume={9},
  number={1},
  pages={229--237},
  year={2020}
}

@article{Karim2018,
  title={Monitoring food storage humidity and temperature data using IoT},
  author={Karim, A Bin and Hassan, AZ and Akanda, MM and Mallik, Avijit},
  journal={MOJ Food Process Technol},
  volume={6},
  number={4},
  pages={400--404},
  year={2018}
}

@inproceedings{Shah2016,
  title={Customized IoT enabled wireless sensing and monitoring platform for preservation of artwork in heritage buildings},
  author={Shah, Jalpa and Mishra, Biswajit},
  booktitle={2016 International Conference on Wireless Communications, Signal Processing and Networking (WiSPNET)},
  pages={361--366},
  year={2016},
  organization={IEEE}
}

@inproceedings{Prasanth2021,
  title={Iot based environment monitoring system to protect heritage artefacts},
  author={BV, Prasanth Ch and Sreekar, G and Jatin, Gvs and Shah, Jalpa},
  booktitle={2021 5th International Conference on Electrical, Electronics, Communication, Computer Technologies and Optimization Techniques (ICEECCOT)},
  pages={145--150},
  year={2021},
  organization={IEEE}
}

@inproceedings{Alsuhly2018,
  title={An IoT monitoring and control platform for museum content conservation},
  author={Alsuhly, Ghada and Khattab, Ahmed},
  booktitle={2018 International Conference on Computer and Applications (ICCA)},
  pages={196--201},
  year={2018},
  organization={IEEE}
}

@article{Zhang2021,
  title={A transport monitoring system for cultural relics protection based on blockchain and internet of things},
  author={Zhang, Jingwen and Guo, Meiting and Li, Biyan and Lu, Ruimin},
  journal={Journal of Cultural Heritage},
  volume={50},
  pages={106--114},
  year={2021},
  publisher={Elsevier}
}

@online{Statista2023,
  author       = {{Statista Search Department}},
  title        = {Number of Internet of Things (IoT) connected devices worldwide from 2019 to 2023, with forecasts from 2022 to 2030 (in billions)},
  url = {https://www.statista.com/statistics/1183457/iot-connected-devices-worldwide/}}
}

@article{Garadi2020,
  title={A survey of machine and deep learning methods for internet of things (IoT) security},
  author={Al-Garadi, Mohammed Ali and Mohamed, Amr and Al-Ali, Abdulla Khalid and Du, Xiaojiang and Ali, Ihsan and Guizani, Mohsen},
  journal={IEEE communications surveys \& tutorials},
  volume={22},
  number={3},
  pages={1646--1685},
  year={2020},
  publisher={IEEE}
}

@article{Neshenko2019,
  title={Demystifying IoT security: An exhaustive survey on IoT vulnerabilities and a first empirical look on Internet-scale IoT exploitations},
  author={Neshenko, Nataliia and Bou-Harb, Elias and Crichigno, Jorge and Kaddoum, Georges and Ghani, Nasir},
  journal={IEEE Communications Surveys \& Tutorials},
  volume={21},
  number={3},
  pages={2702--2733},
  year={2019},
  publisher={IEEE}
}

@inproceedings{Mahmoud2015,
  title={Internet of things (IoT) security: Current status, challenges and prospective measures},
  author={Mahmoud, Rwan and Yousuf, Tasneem and Aloul, Fadi and Zualkernan, Imran},
  booktitle={2015 10th international conference for internet technology and secured transactions (ICITST)},
  pages={336--341},
  year={2015},
  organization={IEEE}
}

@article{Dian2020,
  title={LTE IoT technology enhancements and case studies},
  author={Dian, F John and Vahidnia, Reza},
  journal={IEEE Consumer Electronics Magazine},
  volume={9},
  number={6},
  pages={49--56},
  year={2020},
  publisher={IEEE}
}

@inproceedings{Ratasuk2015,
  title={Overview of LTE enhancements for cellular IoT},
  author={Ratasuk, Rapeepat and Mangalvedhe, Nitin and Ghosh, Amitava},
  booktitle={2015 IEEE 26th annual international symposium on personal, indoor, and mobile radio communications (PIMRC)},
  pages={2293--2297},
  year={2015},
  organization={IEEE}
}

@manual{DS10999,
  author       = {{STMicroelectronics}},
  title        = {Ultracompact high-performance eCompass module: ultralow-power 3-axis accelerometer and 3-axis magnetometer},
  url = {https://www.st.com/resource/en/datasheet/lsm303agr.pdf},
  version      = {11.0},
  year         = {2022}
}

@article{JUMA2020102598,
title = {Hybrid End-to-End VPN Security Approach for Smart IoT Objects},
journal = {Journal of Network and Computer Applications},
volume = {158},
pages = {102598},
year = {2020},
issn = {1084-8045},
doi = {https://doi.org/10.1016/j.jnca.2020.102598},
url = {https://www.sciencedirect.com/science/article/pii/S1084804520300722},
author = {Mazen Juma and Azza Abdel Monem and Khaled Shaalan}
}